@mastersthesis{JanBusch,
	author       = {Jan Busch}, 
	title        = {Ein spatio-temporales Data Warehouse für multiskalige, heterogene ökologische Daten},
	school       = {Hochschule für Angewandte Wissenschaften},
	year         = 2015,
	month        = 3,
}

@report{climateReport,
	Author = {Intergovernmental Panel on Climate Change},
	Title = {Climate Change 2007 - Impacts, Adaptation and Vulnerability: Working Group II contribution to the Fourth Assessment Report of the IPCC},
	Publisher = {Cambridge University Press},
	Year = {2008},
	ISBN = {0521705975},
	URL = {http://www.ipcc.ch/pdf/assessment-report/ar4/wg2/ar4_wg2_full_report.pdf}
}

@article{LUDAS,
	title = "Land-Use Dynamic Simulator (LUDAS): A multi-agent system model for simulating spatio-temporal dynamics of coupled human–landscape system. I. Structure and theoretical specification ",
	journal = "Ecological Informatics ",
	volume = "3",
	number = "2",
	pages = "135 - 153",
	year = "2008",
	note = "",
	issn = "1574-9541",
	doi = "http://dx.doi.org/10.1016/j.ecoinf.2008.04.003",
	url = "http://www.sciencedirect.com/science/article/pii/S1574954108000228",
	author = "Quang Bao Le and Soo Jin Park and Paul L.G. Vlek and Armin B. Cremers"
}

@Article{QuadTrees,
	author="Finkel, R. A.
	and Bentley, J. L.",
	title="Quad trees a data structure for retrieval on composite keys",
	journal="Acta Informatica",
	volume="4",
	number="1",
	pages="1--9",
	issn="1432-0525",
	doi="10.1007/BF00288933",
	url="http://dx.doi.org/10.1007/BF00288933"
}

@INPROCEEDINGS{quads, 
	author={Chunyang Hu and Yongwang Zhao and Jing Li and Dianfu Ma and Xuan Li}, 
	booktitle={Advanced Information Networking and Applications (AINA), 2011 IEEE International Conference on}, 
	title={Geospatial Web Service for Remote Sensing Data Visualization}, 
	year={2011}, 
	month={March}, 
	pages={594-601},  
	ISSN={1550-445X}
}

@misc{BingQuadkeys,
	author       = {Joe Schwartz}, 
	title        = {Bing Maps Tile System},
	howpublished = {\url{https://msdn.microsoft.com/en-us/library/bb259689.aspx}},
	note         = {zuletzt besucht: 25.02.2016}
}

@mastersthesis{mariuszMaster,
	author       = {Mariusz Baldowski}, 
	title        = {Räumliche Analyse mit spatialen Indikatoren},
	school       = {Hochschule für Angewandte Wissenschaften},
	year         = 2014,
	month        = 8,
}

@article{cline2014early,
	title={Early warnings of regime shifts: evaluation of spatial indicators from a whole-ecosystem experiment},
	author={Cline, Timothy J and Seekell, David A and Carpenter, Stephen R and Pace, Michael L and Hodgson, James R and Kitchell, James F and Weidel, Brian C},
	journal={Ecosphere},
	volume={5},
	number={8},
	pages={1--13},
	year={2014},
	publisher={Wiley Online Library}
}

@article{costa2014fragmentation,
	title={Fragmentation patterns of evergreen oak woodlands in Southwestern Iberia: Identifying key spatial indicators},
	author={Costa, Augusta and Madeira, Manuel and Santos, Jos{\'e} Lima and Plieninger, Tobias and Seixas, J{\'u}lia},
	journal={Journal of environmental management},
	volume={133},
	pages={18--26},
	year={2014},
	publisher={Elsevier}
}

@article{mattingly2014housing,
	title={Housing and transport expenditure: socio-spatial indicators of affordability in Auckland},
	author={Mattingly, K and Morrissey, J},
	journal={Cities},
	volume={38},
	pages={69--83},
	year={2014},
	publisher={Elsevier}
}